@article{WEBER2019109,
title = {Consumers' preferences on the Swiss car market: A revealed preference approach},
journal = {Transport Policy},
volume = {75},
pages = {109-118},
year = {2019},
issn = {0967-070X},
doi = {https://doi.org/10.1016/j.tranpol.2019.01.008},
url = {https://www.sciencedirect.com/science/article/pii/S0967070X1830489X},
author = {Sylvain Weber},
keywords = {Willingness-to-pay, Engine fuel efficiency, Car weight, Horsepower, Rebound effect},
abstract = {This paper investigates demand responses to variations in the characteristics of the vehicles. Our investigation is based on number of sales for each model marketed over the period 2006–2015 in Switzerland, and puts particular emphasis on fuel efficiency, curb weight, horsepower, and the potential interactions between these attributes. We find that market shares are significantly higher for more efficient and powerful vehicles, while light cars are preferred to heavy ones. Our results also point to a gradual increase of sensitivity to fuel efficiency over the last decade. However, interaction effects between engine fuel efficiency and power indicate a lower marginal valuation of fuel efficiency in the market segments for relatively powerful cars, hence a lower sensitivity to fuel efficiency among the consumers with the highest potential for polluting emissions. Also, these findings point to potential rebound effects, where consumers give up part of the expected fuel savings by purchasing more powerful vehicles.}
}
 @article{article_1012052, 
 title={İkinci El Otomobil Fiyat Artışına Etki Eden Faktörlerin Yapısal Eşitlik Modeli ile Tespit Edilmesi: Van İli Örneği}, 
 journal={Sosyoekonomi}, 
 volume={31},
  pages={347–369},
   year={2023},
    DOI={10.17233/sosyoekonomi.2023.01.18}, 
    author={Polat, Mehmet and Bulut, Caner},
     keywords={İkinci El Otomobil, Fiyat, Açıklayıcı Faktör Analizi, Yapısal Eşitlik Modeli},
      abstract={Son yıllarda ikinci el otomobil piyasasında meydana gelen sert fiyat artışları, bir yandan bireylerin alım gücünü diğer yandan da piyasayı olumsuz etkilemektedir. Bu çalışma, ikinci el otomobil piyasasında fiyat artışına neden olan faktörlerin tespit edilmesini amaçlamaktadır. Bu doğrultuda Van ilinde faaliyet gösteren yetkili satıcı ve galericiler, anakütle olarak seçilmiş ve 226 kişiden oluşan örneklem kümesine anket uygulanmıştır. Anketlerden elde edilen veriler, başlıca açıklayıcı faktör analizi ve yapısal eşitlik modeli kapsamında değerlendirilmiştir. Çalışmada, ekonomi, strateji, pazar ve tedarik olmak üzere dört faktör tespit edilmiş ve bu faktörler, çalışmanın modeli ve hipotezleri bağlamında test edilmiştir. Sonuç olarak ikinci el otomobil fiyat artışına, ekonomi, strateji ve pazar gizil değişkenlerin oldukça güçlü ve pozitif yönde bir etkiye sahip olduğu bulgusuna ulaşılmıştır. Ayrıca tedarik gizil değişkenin de ikinci el otomobil fiyat artışına yüksek düzeyde bir ilişkisi olmasa da önemli bir düzeyde pozitif etkiye sahip olduğu sonucuna ulaşılmıştır.}, number={55}, publisher={Sosyoekonomi Derneği} 
      }